@book{krutz2021,
    author = {Krutz, Glen},
    year = {2021},
    title = {American Government},
    publisher = {OpenStax---Rice University},
    address = {Houston, TX}
}