%% This BibTeX bibliography file was created using BibDesk.
%% https://bibdesk.sourceforge.io/

%% Created for CWimpy at 2023-08-02 09:41:00 -0500 


%% Saved with string encoding Unicode (UTF-8) 



@book{Krutz:2021,
	address = {Houston, TX},
	author = {Glen Krutz},
	date-added = {2023-08-02 09:39:39 -0500},
	date-modified = {2023-08-02 09:40:50 -0500},
	publisher = {OpenStax---Rice University},
	title = {American Government},
	year = {2021}}
